@online{misura:cwalkden,
	author	= {Charles Walkden},
	title	= {Ergodic theory},
	date	= {2015-02-06},
	url		= {www.maths.manchester.ac.uk/~cwalkden/ergodic-theory/ergodic_theory.pdf},
	pages	= {17-19},
}

@online{misura:meisters,
	author	= {Meisters, Gary Hosler},
	title	= {Lebesgue measure on the real line},
	date	= {1997-02-14},
	url		= {www.math.unl.edu/~gmeisters1/papers/Measure/measure.pdf},
}

@online{misura:hunter,
	title	= {Measure Theory},
	author	= {Hunter, John},
	date	= {2014-03-01},
	url		= {www.math.ucdavis.edu/~hunter/measure_theory/measure_notes.pdf},
	chapter	= {2},
}

@online{formediff:gilardi,
	author	= {Gilardi, Gianni},
	title	= {Forme differenziali lineari},
	date	= {2008-10-01},
	url		= {www-dimat.unipv.it/giulio/linkedmaterial/camb08/formedif-gilardi.pdf},
}

@online{misura:payne,
	author	= {Payne, Kevin Ray and Terraneo, Elide},
	title	= {Misura ed Integrazione: Appunti del Corso Analisi Matematica 4},
	date	= {2014-03-13},
	url		= {www.mat.unimi.it/users/payne/An4_notes_12-13.pdf},
}

@book{molteni-vignati,
	author	= {Molteni, Giuseppe and Vignati, Marco},
	title	= {Analisi Matematica 3},
	year	= {2006},
	publisher	= {CittàStudi},
}

@book{soardi,
	author	= {Soardi, Paolo Maurizio},
	title	= {Analisi Matematica},
	year	= {2010},
	publisher	= {CittàStudi},
}

@book{maderna,
	author	= {Maderna, Carlamaria},
	title	= {Analisi Matematica 2},
	year	= {2010},
	publisher	= {CittàStudi},
}
