%book_count: 7
@book{1,
   title =     {Constructivism in mathematics: An introduction},
   author =    {A. S. Troelstra and D. van Dalen},
   publisher = {Elsevier Science},
   isbn =      {0444703586},
   year =      {1988},
   series =    {Studies in Logic and the Foundations of Mathematics 123},
   edition =   {1},
   volume =    {2},
   url =       {http://gen.lib.rus.ec/book/index.php?md5=375F678D7185BE1E753E75E4B47FB2BB}}
   
@book{2,
   title =     {Constructivism in Mathematics: An Introduction},
   author =    {Anne S. Troelstra, Dirk van Dalen},
   publisher = {North-Holland},
   isbn =      {0444702660,9780444702661},
   year =      {1988},
   series =    {Studies in Logic and the Foundations of Mathematics 121},
   edition =   {},
   volume =    {Volume 1},
   url =       {http://gen.lib.rus.ec/book/index.php?md5=509AE33C0FE7EF8FAA7CD1906A04010B}}   
   
@book{3,
   title =     {The Mathematical Analysis of Logic},
   author =    {George Boole},
   publisher = {},
   isbn =      {},
   year =      {},
   series =    {},
   edition =   {},
   volume =    {},
   url =       {http://gen.lib.rus.ec/book/index.php?md5=CA3B34EDCE8DF0D0413205615F286FE9}}   
   
@book{4,
   title =     {A System of Logic},
   author =    {Mill John Stuart},
   publisher = {},
   isbn =      {},
   year =      {},
   series =    {},
   edition =   {},
   volume =    {vol 1},
   url =       {http://gen.lib.rus.ec/book/index.php?md5=B0B7FFC04689E62A6FAC9ED3F901A524}}   
   
@book{5,
   title =     {A System of Logic},
   author =    {Mill John Stuart},
   publisher = {},
   isbn =      {},
   year =      {},
   series =    {},
   edition =   {},
   volume =    {vol 2},
   url =       {http://gen.lib.rus.ec/book/index.php?md5=FA19E1DCB0B16599ED577597698D3749}}   
   
@book{6,
   title =     {A System Of Logic, Ratiocinative And Inductive. In Two volumes. Vol. 1},
   author =    {Mill J.S. },
   publisher = {},
   isbn =      {},
   year =      {2002},
   series =    {},
   edition =   {Seventh Edition},
   volume =    {},
   url =       {http://gen.lib.rus.ec/book/index.php?md5=1D8A4F55ACEBF2EC01475E439390AE48}}   
   
@article{7,
doi	= {10.2307/2370728},
title	= {An Analysis of Logical Substitution},
author	= {H. B. Curry},
publisher	= {John Hopkins University Press},
journal	= {American Journal of Mathematics},
issnp	= {0002-9327},
issne	= {1080-6377},
year	= {1929},
month	= {07},
volume	= {51},
issue	= {3},
page	= {363--384},
url =       {http://gen.lib.rus.ec/scimag/index.php?s=10.2307/2370728},
}   