%book_count: 7
@book{1,
   title =     {Constructivism in mathematics: An introduction},
   author =    {A. S. Troelstra and D. van Dalen},
   publisher = {Elsevier Science},
   isbn =      {0444703586},
   year =      {1988},
   series =    {Studies in Logic and the Foundations of Mathematics 123},
   edition =   {1},
   volume =    {2},
   url =       {http://gen.lib.rus.ec/book/index.php?md5=375F678D7185BE1E753E75E4B47FB2BB}}
   
@book{2,
   title =     {Constructivism in Mathematics: An Introduction},
   author =    {Anne S. Troelstra, Dirk van Dalen},
   publisher = {North-Holland},
   isbn =      {0444702660,9780444702661},
   year =      {1988},
   series =    {Studies in Logic and the Foundations of Mathematics 121},
   edition =   {},
   volume =    {Volume 1},
   url =       {http://gen.lib.rus.ec/book/index.php?md5=509AE33C0FE7EF8FAA7CD1906A04010B}}   
   
@book{3,
   title =     {The Mathematical Analysis of Logic},
   author =    {George Boole},
   publisher = {},
   isbn =      {},
   year =      {},
   series =    {},
   edition =   {},
   volume =    {},
   url =       {http://gen.lib.rus.ec/book/index.php?md5=CA3B34EDCE8DF0D0413205615F286FE9}}   
   
@book{4,
   title =     {A System of Logic},
   author =    {Mill John Stuart},
   publisher = {},
   isbn =      {},
   year =      {},
   series =    {},
   edition =   {},
   volume =    {vol 1},
   url =       {http://gen.lib.rus.ec/book/index.php?md5=B0B7FFC04689E62A6FAC9ED3F901A524}}   
   
@book{5,
   title =     {A System of Logic},
   author =    {Mill John Stuart},
   publisher = {},
   isbn =      {},
   year =      {},
   series =    {},
   edition =   {},
   volume =    {vol 2},
   url =       {http://gen.lib.rus.ec/book/index.php?md5=FA19E1DCB0B16599ED577597698D3749}}   
   
@book{6,
   title =     {A System Of Logic, Ratiocinative And Inductive. In Two volumes. Vol. 1},
   author =    {Mill J.S. },
   publisher = {},
   isbn =      {},
   year =      {2002},
   series =    {},
   edition =   {Seventh Edition},
   volume =    {},
   url =       {http://gen.lib.rus.ec/book/index.php?md5=1D8A4F55ACEBF2EC01475E439390AE48}}   
   
@article{7,
doi	= {10.2307/2370728},
title	= {An Analysis of Logical Substitution},
author	= {H. B. Curry},
publisher	= {John Hopkins University Press},
journal	= {American Journal of Mathematics},
issnp	= {0002-9327},
issne	= {1080-6377},
year	= {1929},
month	= {07},
volume	= {51},
issue	= {3},
page	= {363--384},
url =       {http://gen.lib.rus.ec/scimag/index.php?s=10.2307/2370728},
}   

@book{8,
   title =     {The Structure of Aristotelian Logic},
   author =    {James Wilkinson Miller},
   publisher = {Routledge},
   isbn =      {1138942324,9781138942325},
   year =      {2015},
   series =    {Routledge Library Editions: Aristotle, Volume 7},
   edition =   {},
   volume =    {},
   url =       {http://gen.lib.rus.ec/book/index.php?md5=C6AD7883F815005A47FD2AD33DB1AE39}}

   @article{9,
doi	= {10.1098/rspa.1985.0070},
title	= {Quantum Theory, the Church-Turing Principle and the Universal Quantum Computer},
author	= {Deutsch, D.},
publisher	= {The Royal Society},
journal	= {Proceedings Mathematical Physical & Engineering Sciences},
issnp	= {1364-5021},
issne	= {1471-2946},
year	= {1985},
volume	= {400},
issue	= {1818},
page	= {97--117},
url =       {http://gen.lib.rus.ec/scimag/index.php?s=10.1098/rspa.1985.0070},
}

@article{10,
doi	= {10.1143/ptp/87.2.293},
title	= {Theory of Measurement: A Note on Conceptual Foundation of Quantum Mechanics},
author	= {Toyozawa, Y.},
publisher	= {Institute of Pure and Applied Physics},
journal	= {Progress of Theoretical Physics},
issnp	= {0033-068X},
issne	= {1347-4081},
year	= {1992},
month	= {02},
day	= {01},
volume	= {87},
issue	= {2},
page	= {293--305},
url =       {http://gen.lib.rus.ec/scimag/index.php?s=10.1143/ptp/87.2.293},
}

@book{11,
   title =     {Conceptual foundations of quantum mechanics},
   author =    {Bernard D'Espagnat},
   publisher = {Advanced Book Program, Perseus Books},
   isbn =      {0738201049,9780738201047,9781429486279},
   year =      {1999},
   series =    {Advanced book classics},
   edition =   {2},
   volume =    {},
   url =       {http://gen.lib.rus.ec/book/index.php?md5=4413DD9585CBCC36ED679A6725AAEF4B}}
   
@article{12,
doi	= {10.2307/2372027},
title	= {A Theory of Positive Integers in Formal Logic. Part I},
author	= {S. C. Kleene},
publisher	= {John Hopkins University Press},
journal	= {American Journal of Mathematics},
issnp	= {0002-9327},
issne	= {1080-6377},
year	= {1935},
month	= {04},
volume	= {57},
issue	= {1},
page	= {153--173},
url =       {http://gen.lib.rus.ec/scimag/index.php?s=10.2307/2372027},
}   

@article{13,
doi	= {10.2307/2372027},
title	= {A Theory of Positive Integers in Formal Logic. Part I},
author	= {S. C. Kleene},
publisher	= {John Hopkins University Press},
journal	= {American Journal of Mathematics},
issnp	= {0002-9327},
issne	= {1080-6377},
year	= {1935},
month	= {04},
volume	= {57},
issue	= {1},
page	= {153--173},
url =       {http://gen.lib.rus.ec/scimag/index.php?s=10.2307/2372027},
}

@book{14,
   title =     {The Historical Development of Quantum Theory. 1932-1941},
   author =    {Jagdish Mehra},
   publisher = {Springer},
   isbn =      {0387950869,9780387950860,9780387218052},
   year =      {2001},
   series =    {The Historical Development of Quantum Theory / The Completion of Quantum Mechanics 1926-1941},
   edition =   {1st},
   volume =    {Volume 6, Part 2},
   url =       {http://gen.lib.rus.ec/book/index.php?md5=28E699478D1009F0147876A4B7B77AD2}}
   
   
@BOOK
{
   etichetta,
   AUTHOR="AUTORE",
   TITLE="TITOLO",
   PUBLISHER="PUBBLICAZIONE",
   YEAR="ANNO",
   EDITION="EDIZIONE",
}

@ARTICLE
{
   etichetta1,
   AUTHOR="AUTORE",
   TITLE="TITOLO",
   JOURNAL="RIVISTA",
   YEAR="ANNO"
}

@misc
{
  test,
  author= "",
  title= "",
  howpublished= "",
  month= "",
  year= "",
  note= "",
  key= ""
}

@misc
{
  progmat1,
  author= "Alessandra Cellini",
  title= "Nucleo e Immagine di un Omomorfismo",
  howpublished= "http://progettomatematica.dm.unibo.it/Gruppi/sez35/fr2.htm",
  month= "",
  year= "",
  note= "",
  key= ""
}

@misc{
  coefbin,
  author= "Community",
  title= "Coefficiente binomiale",
  howpublished= "https://it.wikipedia.org/wiki/Coefficiente_binomiale",
  month= "",
  year= "",
  note= "",
  key= ""
}

@misc{
  combsempl,
  author= "Community",
  title= "Combinazioni semplici",
  howpublished= "https://it.wikipedia.org/wiki/Combinazione#Combinazioni_semplici",
  month= "",
  year= "",
  note= "",
  key= ""
}

@misc{
  assiomiprob,
  author= "unibo",
  title= "Definizione assiomatica o la teoria unificata di probabilit√†",
  howpublished= "http://progettomatematica.dm.unibo.it/ProbElem/8definiz.html",
  month= "",
  year= "",
  note= "",
  key= ""
}

@misc{
  calcprob,
  author= "",
  title= "",
  howpublished= "http://www.simone.it/catalogo/v43_a.pdf",
  month= "",
  year= "",
  note= "",
  key= ""
}

@misc{
  tbin,
  author= "mathisfun.com",
  title= "Binomial Theorem",
  howpublished= "http://www.mathsisfun.com/algebra/binomial-theorem.html",
  month= "",
  year= "",
  note= "",
  key= ""
}

@misc
{
   pinclescl,
   AUTHOR="Prof. Francesco Rizzotto",
   TITLE="Principio di inclusione-esclusione",
   YEAR="2011",
   note={\href{./pdf/PRINCIPIO-INCLUSIONE-ESCLUSIONE/PrincipioInclusioneEsclusione.pdf}{scarica}}
}

@misc
{
   wfunzsur,
   author="it.wikipedia.org",
   title="Funzione suriettiva",
   note={\url{https://it.wikipedia.org/wiki/Funzione_suriettiva}}
}

@misc{
  derangement,
  author= "wikipedia.org",
  title= "Derangement",
  howpublished= "https://en.wikipedia.org/wiki/Derangement",
  month= "",
  year= "",
  note= "",
  key= ""
}

@ARTICLE
{
   derangementlucch,
   AUTHOR="Marta Lucchini",
   TITLE="Derangement",
   JOURNAL="http://www.baudo.hol.es/pages/algebra/pdf/derangement lucchini.pdf",
   YEAR="2011"
}

@misc{
  permutazione1,
  author= "Margherita Barile",
  title= "Gruppi di permutazioni",
  howpublished= "\url{http://www.dm.uniba.it/~barile/Rete4/algebra1_pdf/lezione4.pdf}",
  month= "",
  year= "",
  note= "\url{http://www.dm.uniba.it/~barile/} - contiene una buona raccolta di materiale didattico",
  key= ""
}

@misc{
  permutazione2,
  author= "\url{http://ioi.di.unimi.it}",
  title= "Permutazioni",
  howpublished= "\url{http://ioi.di.unimi.it/permutazioni.pdf}",
  month= "",
  year= "",
  note= "",
  key= "DISPENSA"
}

@misc{
  permutazione3,
  author= "Alessandra Cellini",
  title= "Permutazioni",
  howpublished= "\url{http://progettomatematica.dm.unibo.it/Permutazioni/homepg.htm}",
  month= "",
  year= "",
  note= "",
  key= ""
}

@misc{
  permutazione4,
  author= "Margherita Barile",
  title= "Orbite e cicli di una permutazione.",
  howpublished= "\url{http://www.dm.uniba.it/~barile/Rete4/algebra1_pdf/lezione18.pdf}",
  month= "",
  year= "",
  note= "Inoltre su \url{http://www.dm.uniba.it/~barile/} trovi una buona raccolta di materiale didattico",
  key= "DISPENSA"
}

@misc{
  cyclicgroup1,
  author= "en.wikipedia.org",
  title= "Cyclic group",
  howpublished= "\url{https://en.wikipedia.org/wiki/Cyclic_group}",
  month= "",
  year= "",
  note= "",
  key= ""
}

@misc{
  cyclicgroup2,
  author= "en.wikipedia.org",
  title= "Generating set of a group",
  howpublished= "\url{https://en.wikipedia.org/wiki/Generating_set_of_a_group}",
  month= "",
  year= "",
  note= "",
  key= ""
}

@misc{
  cyclicgroup3,
  author= "Margherita Barile",
  title= "Elementi periodici. Teoremi di Lagrange, Eulero e Fermat. Gruppi ciclici.",
  howpublished= "\url{http://www.dm.uniba.it/~barile/Rete4/algebra1_pdf/lezione4.pdf}",
  month= "",
  year= "",
  note= "\url{http://www.dm.uniba.it/~barile/} - contiene una buona raccolta di materiale didattico",
  key= ""
}

@misc{
  orderofgroup1,
  author= "en.wikipedia.org",
  title= "Order (group theory)",
  howpublished= "\url{https://en.wikipedia.org/wiki/Order_%28group_theory%29}",
  month= "",
  year= "",
  note= "",
  key= ""
}

@misc{
  orderofgroup2,
  author= "en.wikipedia.org",
  title= "Lagrange's theorem (group theory)",
  howpublished= "\url{https://en.wikipedia.org/wiki/Lagrange's_theorem_%28group_theory%29}",
  month= "",
  year= "",
  note= "",
  key= ""
}

@misc{
  people1,
  author= "\url{https://www.mat.uniroma2.it/~flamini/}",
  title= "Flaminio Flamini",
  howpublished= "\url{https://www.mat.uniroma2.it/~flamini/}",
  month= "",
  year= "",
  note= "Associate Professor in Geometry",
  key= ""
}

@misc{
  gruppo1,
  author= "wikipedia",
  title= "Gruppo",
  howpublished= "\url{https://it.wikipedia.org/wiki/Gruppo_%28matematica%29}",
  month= "",
  year= "",
  note= "",
  key= ""
}

@misc{
  simmetrico1,
  author= "Martina Bonanzi",
  title= "Il gruppo simmetrico $S_{n}$",
  howpublished= "\url{http://amslaurea.unibo.it/5692/1/Bonanzi_Martina_tesi.pdf}",
  month= "",
  year= "",
  note= "",
  key= ""
}