@BOOK
{
   etichetta,
   AUTHOR="AUTORE",
   TITLE="TITOLO",
   PUBLISHER="PUBBLICAZIONE",
   YEAR="ANNO",
   EDITION="EDIZIONE",
}

@ARTICLE
{
   etichetta1,
   AUTHOR="AUTORE",
   TITLE="TITOLO",
   JOURNAL="RIVISTA",
   YEAR="ANNO"
}

@misc
{
  test,
  author= "",
  title= "",
  howpublished= "",
  month= "",
  year= "",
  note= "",
  key= ""
}

@misc
{
  progmat1,
  author= "Alessandra Cellini",
  title= "Nucleo e Immagine di un Omomorfismo",
  howpublished= "http://progettomatematica.dm.unibo.it/Gruppi/sez35/fr2.htm",
  month= "",
  year= "",
  note= "",
  key= ""
}

@misc{
  coefbin,
  author= "Community",
  title= "Coefficiente binomiale",
  howpublished= "https://it.wikipedia.org/wiki/Coefficiente_binomiale",
  month= "",
  year= "",
  note= "",
  key= ""
}

@misc{
  combsempl,
  author= "Community",
  title= "Combinazioni semplici",
  howpublished= "https://it.wikipedia.org/wiki/Combinazione#Combinazioni_semplici",
  month= "",
  year= "",
  note= "",
  key= ""
}

@misc{
  assiomiprob,
  author= "unibo",
  title= "Definizione assiomatica o la teoria unificata di probabilit√†",
  howpublished= "http://progettomatematica.dm.unibo.it/ProbElem/8definiz.html",
  month= "",
  year= "",
  note= "",
  key= ""
}

@misc{
  calcprob,
  author= "",
  title= "",
  howpublished= "http://www.simone.it/catalogo/v43_a.pdf",
  month= "",
  year= "",
  note= "",
  key= ""
}

@misc{
  tbin,
  author= "mathisfun.com",
  title= "Binomial Theorem",
  howpublished= "http://www.mathsisfun.com/algebra/binomial-theorem.html",
  month= "",
  year= "",
  note= "",
  key= ""
}

@misc
{
   pinclescl,
   AUTHOR="Prof. Francesco Rizzotto",
   TITLE="Principio di inclusione-esclusione",
   YEAR="2011",
   note={\href{./pdf/PRINCIPIO-INCLUSIONE-ESCLUSIONE/PrincipioInclusioneEsclusione.pdf}{scarica}}
}

@misc
{
   wfunzsur,
   author="it.wikipedia.org",
   title="Funzione suriettiva",
   note={\url{https://it.wikipedia.org/wiki/Funzione_suriettiva}}
}

@misc{
  derangement,
  author= "wikipedia.org",
  title= "Derangement",
  howpublished= "https://en.wikipedia.org/wiki/Derangement",
  month= "",
  year= "",
  note= "",
  key= ""
}

@ARTICLE
{
   derangementlucch,
   AUTHOR="Marta Lucchini",
   TITLE="Derangement",
   JOURNAL="http://www.baudo.hol.es/pages/algebra/pdf/derangement lucchini.pdf",
   YEAR="2011"
}

@misc{
  permutazione1,
  author= "Margherita Barile",
  title= "Gruppi di permutazioni",
  howpublished= "\url{http://www.dm.uniba.it/~barile/Rete4/algebra1_pdf/lezione4.pdf}",
  month= "",
  year= "",
  note= "\url{http://www.dm.uniba.it/~barile/} - contiene una buona raccolta di materiale didattico",
  key= ""
}

@misc{
  permutazione2,
  author= "\url{http://ioi.di.unimi.it}",
  title= "Permutazioni",
  howpublished= "\url{http://ioi.di.unimi.it/permutazioni.pdf}",
  month= "",
  year= "",
  note= "",
  key= "DISPENSA"
}

@misc{
  permutazione3,
  author= "Alessandra Cellini",
  title= "Permutazioni",
  howpublished= "\url{http://progettomatematica.dm.unibo.it/Permutazioni/homepg.htm}",
  month= "",
  year= "",
  note= "",
  key= ""
}

@misc{
  permutazione4,
  author= "Margherita Barile",
  title= "Orbite e cicli di una permutazione.",
  howpublished= "\url{http://www.dm.uniba.it/~barile/Rete4/algebra1_pdf/lezione18.pdf}",
  month= "",
  year= "",
  note= "Inoltre su \url{http://www.dm.uniba.it/~barile/} trovi una buona raccolta di materiale didattico",
  key= "DISPENSA"
}

@misc{
  cyclicgroup1,
  author= "en.wikipedia.org",
  title= "Cyclic group",
  howpublished= "\url{https://en.wikipedia.org/wiki/Cyclic_group}",
  month= "",
  year= "",
  note= "",
  key= ""
}

@misc{
  cyclicgroup2,
  author= "en.wikipedia.org",
  title= "Generating set of a group",
  howpublished= "\url{https://en.wikipedia.org/wiki/Generating_set_of_a_group}",
  month= "",
  year= "",
  note= "",
  key= ""
}

@misc{
  cyclicgroup3,
  author= "Margherita Barile",
  title= "Elementi periodici. Teoremi di Lagrange, Eulero e Fermat. Gruppi ciclici.",
  howpublished= "\url{http://www.dm.uniba.it/~barile/Rete4/algebra1_pdf/lezione4.pdf}",
  month= "",
  year= "",
  note= "\url{http://www.dm.uniba.it/~barile/} - contiene una buona raccolta di materiale didattico",
  key= ""
}

@misc{
  orderofgroup1,
  author= "en.wikipedia.org",
  title= "Order (group theory)",
  howpublished= "\url{https://en.wikipedia.org/wiki/Order_%28group_theory%29}",
  month= "",
  year= "",
  note= "",
  key= ""
}

@misc{
  orderofgroup2,
  author= "en.wikipedia.org",
  title= "Lagrange's theorem (group theory)",
  howpublished= "\url{https://en.wikipedia.org/wiki/Lagrange's_theorem_%28group_theory%29}",
  month= "",
  year= "",
  note= "",
  key= ""
}

@misc{
  people1,
  author= "\url{https://www.mat.uniroma2.it/~flamini/}",
  title= "Flaminio Flamini",
  howpublished= "\url{https://www.mat.uniroma2.it/~flamini/}",
  month= "",
  year= "",
  note= "Associate Professor in Geometry",
  key= ""
}

@misc{
  gruppo1,
  author= "wikipedia",
  title= "Gruppo",
  howpublished= "\url{https://it.wikipedia.org/wiki/Gruppo_%28matematica%29}",
  month= "",
  year= "",
  note= "",
  key= ""
}

@misc{
  simmetrico1,
  author= "Martina Bonanzi",
  title= "Il gruppo simmetrico $S_{n}$",
  howpublished= "\url{http://amslaurea.unibo.it/5692/1/Bonanzi_Martina_tesi.pdf}",
  month= "",
  year= "",
  note= "",
  key= ""
}