@book{shankar,
	author		= {Shankar, Ramamurti},
	title		= {Principles of quantum mechanics},
	year		= {1994},
	publisher	= {Plenum Press},
	edition		= {2},
}

@book{landau-qm,
	author		= {Landau, Lev Davidovi{\v c} and Lif{\v s}ic, Evgenij Michajlovi{\v c}},
	title		= {Meccanica quantistica. Teoria non relativistica},
	year		= {2010},
	publisher	= {Editori Riuniti University Press},
	edition		= {1},
}

%@book{cornwell,
	author		= {Cornwell, John F.},
	title		= {Group Theory in Physics, Vol. 2},
	year		= {1984},
	publisher	= {Academic Press},
	editor		= {March, N. H. and Daglish, H. N.},
}

%@book{landau-mecc,
	author		= {Landau, Lev Davidovi{\v c} and Lif{\v s}ic, Evgenij Michajlovi{\v c}},
	title		= {Meccanica},
	year		= {2010},
	publisher	= {Editori Riuniti university press},
	edition		= {1},
}

%@book{dirac,
	author		= {Dirac, Paul Adrien Maurice},
	title		= {I princ√¨pi della meccanica quantistica},
	year		= {1999},
	publisher	= {Bollati Boringhieri},
	edition		= {2},
}

@book{picasso,
	author		= {Picasso, Luigi Emilio},
	title		= {Lezioni di meccanica quantistica},
    edition     = {2},
	year		= {2015},
	publisher	= {ETS},
}

@book{eisberg-resnick,
    author      = {Eisberg, Robert and Resnick, Robert},
    title       = {Quantum Physics of Atoms, Molecules, Solids, Nuclei and Particles},
    edition     = {2},
    year        = {1985},
    publisher   = {John Wiley \& Sons},
}

@online{parity,
	author		= {Moore, Micheal G.},
	title		= {The parity operator},
	url			= {http://www.pa.msu.edu/~mmoore/Lect21_Parity.pdf},
}

@online{hydrogen-SO4symmetry,
	author		= {Weinberg, Sean J.},
	title		= {The {$SO(4)$} Symmetry of the Hydrogen Atom},
	url			= {http://info.phys.unm.edu/~ideutsch/Classes/Phys531F11/Runge-Lenz%20Vector/weinberg.pdf},
}

@online{221a,
	author		= {Littlejohn, Robert},
	title		= {Physics 221A lecture notes},
    url         = {http://bohr.physics.berkeley.edu/classes/221/0708/221a.html},
}

@online{time-evolution,
	author		= {Cappellaro, Paola},
	title		= {Quantum Theory of Radiation Interactions},
	chapter		= {5},
	year		= {2012},
	url			= {http://ocw.mit.edu/courses/nuclear-engineering/22-51-quantum-theory-of-radiation-interactions-fall-2012/lecture-notes/MIT22_51F12_Notes.pdf},
}
