@online{multilinear-algebra,
	author	= {Iozzi, Alessandra},
	title	= {Multilinear Algebra and Applications},
	year	= {2014},
	url		= {https://www2.math.ethz.ch/education/bachelor/lectures/fs2015/other/mla/ma.pdf},
}

@online{anelli,
	author	= {Del Vigna, Alessio and Gaiffi, Giovanni},
	title	= {Anelli. Dispense provvisorie del corso di Algebra 1 2010-2011},
	year	= {2011},
	url		= {http://www.dm.unipi.it/~gaiffi/Algebra1/Pages/Dispenseanelli.pdf},
}

@online{bezout,
	author	= {Battaia, Luciano},
	title	= {Matematica per l'eccellenza - Bezout},
	year	= {2010},
	url		= {http://www.batmath.it/matematica/eccell/pdfs/bezout.pdf},
}

@online{dual-maps,
	author	= {Damron, Michael},
	title	= {Dual maps},
	year	= {2013},
	url		= {https://web.math.princeton.edu/~mdamron/teaching/S13/notes/MAT_217_Lecture_9.pdf},
}

@online{ideali-primi-massimali,
	author	= {Barile, Margherita},
	title	= {Ideali primi e massimali. Elementi primi e irriducibili.},
	url		= {http://www.dm.uniba.it/~barile/Rete/algebra2pdf/lezione18.pdf},
}

@online{minpolyandappns,
	author	= {Conrad, Keith},
	title	= {The minimal polynomial and some applications},
	url		= {http://www.math.uconn.edu/~kconrad/blurbs/linmultialg/minpolyandappns.pdf},
}

@online{PID,
	author	= {D'Andrea, Alessandro},
	title	= {Algebra I - Fattorizzazione},
	year	= {2011},
	url		= {http://www1.mat.uniroma1.it/people/dandrea/didattica/algebra1-11/8.PID.pdf},
}

@online{spettrale,
	author	= {Debernardi, Marco},
	title	= {Matrici normali},
	year	= {2006},
	url		= {http://digilander.libero.it/marcodebe79/Geom1A/normali.pdf},
}

@book{lang,
	author		= {Lang, Serge},
	title		= {Algebra lineare},
	year		= {2012},
	publisher	= {Bollati Boringhieri},
}

@book{rigoli,
	author		= {Rigoli, Marco and Dalla Volta, Francesca},
	title		= {Elementi di matematica discreta e algebra lineare},
	year		= {2007},
	publisher	= {Pearson},
}
